@ARTICLE{ldpcbch, 
author={Y. {Zhang} and W. E. {Ryan}}, 
journal={IEEE Transactions on Communications}, 
title={{Toward low LDPC-code floors: a case study}}, 
year={2009}, 
volume={57}, 
number={6}, 
pages={1566-1573}, 
keywords={}, 
doi={10.1109/TCOMM.2009.06.0700712},
url = {https://doi.org/10.1109/TCOMM.2009.06.0700712},
ISSN={0090-6778}, 
month={June},}
@article{ldpc,
 author = {R.Gallager},
 title = {{Low-density parity check codes}},
 journal = {IRE Trans.Information Theory},
 issue_date = {Jan 1962},
 month = Jan,
 year = {1962},
 issn = {1542-0973},
 pages = {21-28}}
@article{minsum,
 author = {Niclas Wiberg},
 title = {{Codes and Decoding on General Graphs}},
 journal = {Phd Dissertation,Linkoping University,Sweden},
 issue_date = {1996},
 year = {1996}}
@INPROCEEDINGS{llr, 
author={V. B. {Olivatto} and R. R. {Lopes} and E. R. {de Lima}}, 
booktitle={2015 IEEE International Conference on Communication, Networks and Satellite (COMNESTAT)}, 
title={{Simplified LLR calculation for DVB-S2 LDPC decoder}}, 
year={2015}, 
volume={}, 
number={}, 
pages={26-31}, 
keywords={}, 
doi={10.1109/COMNETSAT.2015.7434300},
url = {https://doi.org/10.1109/COMNETSAT.2015.7434300}, 
ISSN={}, 
month={Dec},}
@ARTICLE{max-log, 
author={M. {Martina} and G. {Masera} and S. {Papaharalabos} and P. T. {Mathiopoulos} and F. {Gioulekas}}, 
journal={IEEE Transactions on Instrumentation and Measurement}, 
title={{On Practical Implementation and Generalizations of $ \max^{\ast}$ Operator for Turbo and LDPC Decoders}}, 
year={2012}, 
volume={61}, 
number={4}, 
pages={888-895}, 
keywords={}, 
doi={10.1109/TIM.2011.2173045},
url = {https://doi.org/10.1109/TIM.2011.2173045}, 
ISSN={0018-9456}, 
month={April},}