@ARTICLE{ldpcbch, 
author={Y. {Zhang} and W. E. {Ryan}}, 
journal={IEEE Transactions on Communications}, 
title={{Toward low LDPC-code floors: a case study}}, 
year={2009}, 
volume={57}, 
number={6}, 
pages={1566-1573}, 
keywords={}, 
doi={10.1109/TCOMM.2009.06.0700712},
url = {https://doi.org/10.1109/TCOMM.2009.06.0700712},
ISSN={0090-6778}, 
month={June},}
@article{ldpc,
 author = {R.Gallager},
 title = {{Low-density parity check codes}},
 journal = {IRE Trans.Information Theory},
 issue_date = {Jan 1962},
 month = Jan,
 year = {1962},
 issn = {1542-0973},
 pages = {21-28}}
@article{minsum,
 author = {Niclas Wiberg},
 title = {{Codes and Decoding on General Graphs}},
 journal = {Phd Dissertation,Linkoping University,Sweden},
 issue_date = {1996},
 year = {1996}}
 